@article{2019Formal,
  title   = {Formal Methods for Control Synthesis: An Optimization Perspective},
  author  = { Belta, C.  and  Sadraddini, S. },
  journal = {Annual Review of Control, Robotics, and Autonomous Systems},
  volume  = {2},
  number  = {1},
  year    = {2019}
}
@inproceedings{agrawal2020learning,
  title        = {Learning convex optimization control policies},
  author       = {Agrawal, Akshay and Barratt, Shane and Boyd, Stephen and Stellato, Bartolomeo},
  booktitle    = {Learning for Dynamics and Control},
  pages        = {361--373},
  year         = {2020},
  organization = {PMLR}
}

  @book{baier2008principles,
  title     = {Principles of model checking},
  author    = {Baier, Christel and Katoen, Joost-Pieter},
  year      = {2008},
  publisher = {MIT press}
}

@article{bengio2021machine,
  title     = {Machine learning for combinatorial optimization: a methodological tour dâ€™horizon},
  author    = {Bengio, Yoshua and Lodi, Andrea and Prouvost, Antoine},
  journal   = {European Journal of Operational Research},
  volume    = {290},
  number    = {2},
  pages     = {405--421},
  year      = {2021},
  publisher = {Elsevier}
}

@article{bertsimas2021voice,
  title     = {The voice of optimization},
  author    = {Bertsimas, Dimitris and Stellato, Bartolomeo},
  journal   = {Machine Learning},
  volume    = {110},
  number    = {2},
  pages     = {249--277},
  year      = {2021},
  publisher = {Springer}
}

@article{bertsimas2022online,
  title     = {Online mixed-integer optimization in milliseconds},
  author    = {Bertsimas, Dimitris and Stellato, Bartolomeo},
  journal   = {INFORMS Journal on Computing},
  year      = {2022},
  publisher = {INFORMS}
}

@article{booth2016mixed,
  title     = {Mixed-integer and constraint programming techniques for mobile robot task planning},
  author    = {Booth, Kyle EC and Tran, Tony T and Nejat, Goldie and Beck, J Christopher},
  journal   = {IEEE Robotics and Automation Letters},
  volume    = {1},
  number    = {1},
  pages     = {500--507},
  year      = {2016},
  publisher = {IEEE}
}

@article{calafiore2010random,
  title     = {Random convex programs},
  author    = {Calafiore, Giuseppe Carlo},
  journal   = {SIAM Journal on Optimization},
  volume    = {20},
  number    = {6},
  pages     = {3427--3464},
  year      = {2010},
  publisher = {SIAM}
}

@inproceedings{Cauligi2020,
  author    = {Cauligi, Abhishek and Culbertson, Preston and Stellato, Bartolomeo and Bertsimas, Dimitris and Schwager, Mac and Pavone, Marco},
  booktitle = {2020 59th IEEE Conference on Decision and Control (CDC)},
  title     = {Learning Mixed-Integer Convex Optimization Strategies for Robot Planning and Control},
  year      = {2020},
  volume    = {},
  number    = {},
  pages     = {1698-1705},
  doi       = {10.1109/CDC42340.2020.9304043}
}

@article{cetin2007hybrid,
  title     = {Hybrid mixed-logical linear programming algorithm for collision-free optimal path planning},
  author    = {Cetin, B and Bikdash, M and Hadaegh, FY},
  journal   = {IET Control Theory \& Applications},
  volume    = {1},
  number    = {2},
  pages     = {522--531},
  year      = {2007},
  publisher = {IET}
}

@article{chen2022large,
  title     = {Large scale model predictive control with neural networks and primal active sets},
  author    = {Chen, Steven W and Wang, Tianyu and Atanasov, Nikolay and Kumar, Vijay and Morari, Manfred},
  journal   = {Automatica},
  volume    = {135},
  pages     = {109947},
  year      = {2022},
  publisher = {Elsevier}
}

@book{conforti2014integer,
  title     = {Integer programming},
  author    = {Conforti, Michele and Cornu{\'e}jols, G{\'e}rard and Zambelli, Giacomo and others},
  volume    = {271},
  year      = {2014},
  publisher = {Springer}
}

@phdthesis{culligan2006online,
  title  = {Online trajectory planning for UAVs using mixed integer linear programming},
  author = {Culligan, Kieran Forbes},
  year   = {2006},
  school = {Massachusetts Institute of Technology}
}

@inproceedings{deits2019lvis,
  title        = {LVIS: Learning from value function intervals for contact-aware robot controllers},
  author       = {Deits, Robin and Koolen, Twan and Tedrake, Russ},
  booktitle    = {2019 International Conference on Robotics and Automation (ICRA)},
  pages        = {7762--7768},
  year         = {2019},
  organization = {IEEE}
}

@article{ding2022trajectory,
  title     = {Trajectory tracking of redundantly actuated mobile robot by MPC velocity control under steering strategy constraint},
  author    = {Ding, Tao and Zhang, Yuhao and Ma, Guocai and Cao, Zhihong and Zhao, Xingwei and Tao, Bo},
  journal   = {Mechatronics},
  volume    = {84},
  pages     = {102779},
  year      = {2022},
  publisher = {Elsevier}
}

@article{earl2005iterative,
  title     = {Iterative MILP methods for vehicle-control problems},
  author    = {Earl, Matthew G and D'andrea, Raffaello},
  journal   = {IEEE Transactions on Robotics},
  volume    = {21},
  number    = {6},
  pages     = {1158--1167},
  year      = {2005},
  publisher = {IEEE}
}

@article{gilpin2020smooth,
  title     = {A smooth robustness measure of signal temporal logic for symbolic control},
  author    = {Gilpin, Yann and Kurtz, Vince and Lin, Hai},
  journal   = {IEEE Control Systems Letters},
  volume    = {5},
  number    = {1},
  pages     = {241--246},
  year      = {2020},
  publisher = {IEEE}
}

@article{he2014learning,
  title   = {Learning to search in branch and bound algorithms},
  author  = {He, He and Daume III, Hal and Eisner, Jason M},
  journal = {Advances in neural information processing systems},
  volume  = {27},
  year    = {2014}
}

@article{jaynes1973well,
  title     = {The well-posed problem},
  author    = {Jaynes, Edwin T},
  journal   = {Foundations of physics},
  volume    = {3},
  number    = {4},
  pages     = {477--492},
  year      = {1973},
  publisher = {Springer}
}

@article{khalil2017learning,
  title   = {Learning combinatorial optimization algorithms over graphs},
  author  = {Khalil, Elias and Dai, Hanjun and Zhang, Yuyu and Dilkina, Bistra and Song, Le},
  journal = {Advances in neural information processing systems},
  volume  = {30},
  year    = {2017}
}

@article{kurtz2020trajectory,
  title     = {Trajectory optimization for high-dimensional nonlinear systems under STL specifications},
  author    = {Kurtz, Vince and Lin, Hai},
  journal   = {IEEE Control Systems Letters},
  volume    = {5},
  number    = {4},
  pages     = {1429--1434},
  year      = {2020},
  publisher = {IEEE}
}

@article{kurtz2021more,
  title     = {A more scalable mixed-integer encoding for metric temporal logic},
  author    = {Kurtz, Vince and Lin, Hai},
  journal   = {IEEE Control Systems Letters},
  volume    = {6},
  pages     = {1718--1723},
  year      = {2021},
  publisher = {IEEE}
}

@article{kurtz2022mixed,
  title     = {Mixed-Integer Programming for Signal Temporal Logic with Fewer Binary Variables},
  author    = {Kurtz, Vincent and Lin, Hai},
  journal   = {IEEE Control Systems Letters},
  volume    = {6},
  pages     = {2635--2640},
  year      = {2022},
  publisher = {IEEE}
}

@inproceedings{landry2016aggressive,
  title        = {Aggressive quadrotor flight through cluttered environments using mixed integer programming},
  author       = {Landry, Benoit and Deits, Robin and Florence, Peter R and Tedrake, Russ},
  booktitle    = {2016 IEEE international conference on robotics and automation (ICRA)},
  pages        = {1469--1475},
  year         = {2016},
  organization = {IEEE}
}

@book{lee2011mixed,
  title     = {Mixed integer nonlinear programming},
  author    = {Lee, Jon and Leyffer, Sven},
  volume    = {154},
  year      = {2011},
  publisher = {Springer Science \& Business Media}
}

@inproceedings{leung2020back,
  title        = {Back-propagation through signal temporal logic specifications: Infusing logical structure into gradient-based methods},
  author       = {Leung, Karen and Ar{\'e}chiga, Nikos and Pavone, Marco},
  booktitle    = {International Workshop on the Algorithmic Foundations of Robotics},
  pages        = {432--449},
  year         = {2020},
  organization = {Springer}
}

@article{lindemann2018control,
  title     = {Control barrier functions for signal temporal logic tasks},
  author    = {Lindemann, Lars and Dimarogonas, Dimos V},
  journal   = {IEEE control systems letters},
  volume    = {3},
  number    = {1},
  pages     = {96--101},
  year      = {2018},
  publisher = {IEEE}
}

@article{liu2022integer,
  title     = {An integer programming formulation and iterative scheme algorithm for the block relocation problem},
  author    = {Liu, Shuo and Liu, Shixin and Lu, Chao},
  journal   = {Journal of Control and Decision},
  pages     = {1--10},
  year      = {2022},
  publisher = {Taylor \& Francis}
}

@article{lodi2017learning,
  title     = {On learning and branching: a survey},
  author    = {Lodi, Andrea and Zarpellon, Giulia},
  journal   = {Top},
  volume    = {25},
  number    = {2},
  pages     = {207--236},
  year      = {2017},
  publisher = {Springer}
}

@article{maia2009use,
  title     = {On the use of mixed-integer linear programming for predictive control with avoidance constraints},
  author    = {Maia, Marcelo H and Galvao, Roberto KH},
  journal   = {International Journal of Robust and Nonlinear Control: IFAC-Affiliated Journal},
  volume    = {19},
  number    = {7},
  pages     = {822--828},
  year      = {2009},
  publisher = {Wiley Online Library}
}

@article{marcucci2021shortest,
  title   = {Shortest paths in graphs of convex sets},
  author  = {Marcucci, Tobia and Umenberger, Jack and Parrilo, Pablo A and Tedrake, Russ},
  journal = {arXiv preprint arXiv:2101.11565},
  year    = {2021}
}

@inproceedings{Maryam2019,
  author    = {Lefkopoulos, Vasileios and Kamgarpour, Maryam},
  booktitle = {2019 18th European Control Conference (ECC)},
  title     = {Using Uncertainty Data in Chance-Constrained Trajectory Planning},
  year      = {2019},
  volume    = {},
  number    = {},
  pages     = {2264-2269},
  doi       = {10.23919/ECC.2019.8795823}
}

@inproceedings{masti2019learning,
  title        = {Learning binary warm starts for multiparametric mixed-integer quadratic programming},
  author       = {Masti, Daniele and Bemporad, Alberto},
  booktitle    = {2019 18th European Control Conference (ECC)},
  pages        = {1494--1499},
  year         = {2019},
  organization = {IEEE}
}

@inproceedings{mehdipour2019arithmetic,
  title        = {Arithmetic-geometric mean robustness for control from signal temporal logic specifications},
  author       = {Mehdipour, Noushin and Vasile, Cristian-Ioan and Belta, Calin},
  booktitle    = {2019 American Control Conference (ACC)},
  pages        = {1690--1695},
  year         = {2019},
  organization = {IEEE}
}

@article{mou2018optimal,
  title   = {An optimal lidar configuration approach for self-driving cars},
  author  = {Mou, Shenyu and Chang, Yan and Wang, Wenshuo and Zhao, Ding},
  journal = {arXiv preprint arXiv:1805.07843},
  year    = {2018}
}

@inproceedings{raman2014model,
  title        = {Model predictive control with signal temporal logic specifications},
  author       = {Raman, Vasumathi and Donz{\'e}, Alexandre and Maasoumy, Mehdi and Murray, Richard M and Sangiovanni-Vincentelli, Alberto and Seshia, Sanjit A},
  booktitle    = {53rd IEEE Conference on Decision and Control},
  pages        = {81--87},
  year         = {2014},
  organization = {IEEE}
}

@inproceedings{richards2003performance,
  title     = {Performance evaluation of rendezvous using model predictive control},
  author    = {Richards, Arthur and How, Jonathan},
  booktitle = {AIAA Guidance, Navigation, and Control Conference and Exhibit},
  pages     = {5507},
  year      = {2003}
}

@article{richards2015inter,
  title     = {Inter-sample avoidance in trajectory optimizers using mixed-integer linear programming},
  author    = {Richards, Arthur and Turnbull, Oliver},
  journal   = {International Journal of Robust and Nonlinear Control},
  volume    = {25},
  number    = {4},
  pages     = {521--526},
  year      = {2015},
  publisher = {Wiley Online Library}
}

@inproceedings{sadraddini2015robust,
  title        = {Robust temporal logic model predictive control},
  author       = {Sadraddini, Sadra and Belta, Calin},
  booktitle    = {2015 53rd Annual Allerton Conference on Communication, Control, and Computing (Allerton)},
  pages        = {772--779},
  year         = {2015},
  organization = {IEEE}
}

@article{sadraddini2018formal,
  title     = {Formal synthesis of control strategies for positive monotone systems},
  author    = {Sadraddini, Sadra and Belta, Calin},
  journal   = {IEEE Transactions on Automatic Control},
  volume    = {64},
  number    = {2},
  pages     = {480--495},
  year      = {2018},
  publisher = {IEEE}
}

@inproceedings{sawadsitang2018supplier,
  title        = {Supplier cooperation in drone delivery},
  author       = {Sawadsitang, Suttinee and Niyato, Dusit and Tan, Puay Siew and Wang, Ping},
  booktitle    = {2018 IEEE 88th Vehicular Technology Conference (VTC-Fall)},
  pages        = {1--5},
  year         = {2018},
  organization = {IEEE}
}

@phdthesis{schouwenaars2006safe,
  title  = {Safe trajectory planning of autonomous vehicles},
  author = {Schouwenaars, Tom},
  year   = {2006},
  school = {Massachusetts Institute of Technology}
}

@article{stoican2018exact,
  title     = {Exact and overapproximated guarantees for corner cutting avoidance in a multiobstacle environment},
  author    = {Stoican, Florin and Prodan, Ionela and Gr{\o}tli, Esten Ingar},
  journal   = {International Journal of Robust and Nonlinear Control},
  volume    = {28},
  number    = {15},
  pages     = {4528--4548},
  year      = {2018},
  publisher = {Wiley Online Library}
}

@inproceedings{tang2018learning,
  title        = {Learning trajectories for real-time optimal control of quadrotors},
  author       = {Tang, Gao and Sun, Weidong and Hauser, Kris},
  booktitle    = {2018 IEEE/RSJ International Conference on Intelligent Robots and Systems (IROS)},
  pages        = {3620--3625},
  year         = {2018},
  organization = {IEEE}
}
@article{tang2019data,
  title     = {A data-driven indirect method for nonlinear optimal control},
  author    = {Tang, Gao and Hauser, Kris},
  journal   = {Astrodynamics},
  volume    = {3},
  number    = {4},
  pages     = {345--359},
  year      = {2019},
  publisher = {Springer}
}

@article{ulusoy2013optimality,
  title     = {Optimality and robustness in multi-robot path planning with temporal logic constraints},
  author    = {Ulusoy, Alphan and Smith, Stephen L and Ding, Xu Chu and Belta, Calin and Rus, Daniela},
  journal   = {The International Journal of Robotics Research},
  volume    = {32},
  number    = {8},
  pages     = {889--911},
  year      = {2013},
  publisher = {SAGE Publications Sage UK: London, England}
}

@article{vielma2011modeling,
  title     = {Modeling disjunctive constraints with a logarithmic number of binary variables and constraints},
  author    = {Vielma, Juan Pablo and Nemhauser, George L},
  journal   = {Mathematical Programming},
  volume    = {128},
  number    = {1},
  pages     = {49--72},
  year      = {2011},
  publisher = {Springer}
}

@inproceedings{zhang2019safe,
  title        = {Safe and near-optimal policy learning for model predictive control using primal-dual neural networks},
  author       = {Zhang, Xiaojing and Bujarbaruah, Monimoy and Borrelli, Francesco},
  booktitle    = {2019 American Control Conference (ACC)},
  pages        = {354--359},
  year         = {2019},
  organization = {IEEE}
}

@Misc{OMISTL_git,
howpublished = {[OL]},
note = {\url{https://github.com/prodaddyYI/OMISTL.git}},
title = {OMISTL},
author = {Qi, Yi and Sycamore}
}




